@inproceedings{XMLMerge,
 author = {Lindholm, Tancred},
 title = {A Three-way Merge for XML Documents},
 booktitle = {Proceedings of the 2004 ACM Symposium on Document Engineering},
 series = {DocEng '04},
 year = {2004},
 isbn = {1-58113-938-1},
 location = {Milwaukee, Wisconsin, USA},
 pages = {1--10},
 numpages = {10},
 url = {http://doi.acm.org/10.1145/1030397.1030399},
 doi = {10.1145/1030397.1030399},
 acmid = {1030399},
 publisher = {ACM},
 address = {New York, NY, USA},
 keywords = {XML, collaborative editing, conflict, structured text, three-way merge},
}

@inproceedings{SemanticDiff, 
author={Jackson, D. and Ladd, D.A.}, 
booktitle={Software Maintenance, 1994. Proceedings., International Conference on}, 
title={Semantic Diff: a tool for summarizing the effects of modifications}, 
year={1994}, 
month={Sep}, 
pages={243-252}, 
keywords={configuration management;input-output programs;program diagnostics;real-time systems;software tools;Semantic Diff;local variable renaming;meaning-preserving transformations;observable input-output behaviour;procedure versions;program dependence graphs;real-time system;report generation;semantic differences;software modification effects summarization;spurious differences;syntactic components;Real-time systems;Software fault diagnosis;Software tools}, 
doi={10.1109/ICSM.1994.336770},}

@inproceedings{mergegraph,
  added-at = {2006-09-11T10:26:28.000+0200},
  author = {Z{\"u}ndorf, Albert and Wadsack, J{\"o}rg and Rockel, Ingo},
  biburl = {http://www.bibsonomy.org/bibtex/2837a62fc5f27bdde9955442a684c89c6/cschneid},
  booktitle = {Proc. of 10th International Workshop on Software Configuration Management, Toronto, Canada},
  interhash = {601fac94588232e1404a2259ea837acc},
  intrahash = {837a62fc5f27bdde9955442a684c89c6},
  keywords = {java object objects orientiert mischen},
  timestamp = {2006-09-11T10:26:28.000+0200},
  title = {Merging graph-like object structures},
  year = 2001
}

@article{CodeClones,
 author = {Higo, Yoshiki and Kusumoto, Shinji and Inoue, Katsuro},
 title = {A Metric-based Approach to Identifying Refactoring Opportunities for Merging Code Clones in a Java Software System},
 journal = {J. Softw. Maint. Evol.},
 issue_date = {November 2008},
 volume = {20},
 number = {6},
 month = nov,
 year = {2008},
 issn = {1532-060X},
 pages = {435--461},
 numpages = {27},
 url = {http://dx.doi.org/10.1002/smr.v20:6},
 doi = {10.1002/smr.v20:6},
 acmid = {1464382},
 publisher = {John Wiley \& Sons, Inc.},
 address = {New York, NY, USA},
 keywords = {code clone, metrics, object-oriented, refactoring, software maintenance},
} 
